%Artigos de minização de custo na produção de energia
@article{marcovecchio2014deterministic,
  title={Deterministic optimization of the thermal Unit Commitment problem: A Branch and Cut search},
  author={Marcovecchio, Marian G and Novais, Augusto Q and Grossmann, Ignacio E},
  journal={Computers \& Chemical Engineering},
  volume={67},
  pages={53--68},
  year={2014},
  publisher={Elsevier}
}
@article{tumuluru2014unit,
  title={Unit commitment problem: a new formulation and solution method},
  author={Tumuluru, Vamsi Krishna and Huang, Zhe and Tsang, Danny HK},
  journal={International Journal of Electrical Power \& Energy Systems},
  volume={57},
  pages={222--231},
  year={2014},
  publisher={Elsevier}
}

@article{shabanpour2014modified,
  title={A modified teaching--learning based optimization for multi-objective optimal power flow problem},
  author={Shabanpour-Haghighi, Amin and Seifi, Ali Reza and Niknam, Taher},
  journal={Energy Conversion and Management},
  volume={77},
  pages={597--607},
  year={2014},
  publisher={Elsevier}
}
@article{carrion2006computationally,
  title={A computationally efficient mixed-integer linear formulation for the thermal unit commitment problem},
  author={Carri{\'o}n, Miguel and Arroyo, Jos{\'e} M},
  journal={Power Systems, IEEE Transactions on},
  volume={21},
  number={3},
  pages={1371--1378},
  year={2006},
  publisher={IEEE}
}
@article{moradi2015semi,
  title={A semi-analytical non-iterative primary approach based on priority list to solve unit commitment problem},
  author={Moradi, Saeed and Khanmohammadi, Sohrab and Hagh, Mehrdad Tarafdar and Mohammadi-ivatloo, Behnam},
  journal={Energy},
  volume={88},
  pages={244--259},
  year={2015},
  publisher={Elsevier}
}
@article{todosijevic2016adaptive,
  title={Adaptive general variable neighborhood search heuristics for solving the unit commitment problem},
  author={Todosijevi{\'c}, Raca and Mladenovi{\'c}, Marko and Hanafi, Sa{\"\i}d and Mladenovi{\'c}, Nenad and Cr{\'e}vits, Igor},
  journal={International Journal of Electrical Power \& Energy Systems},
  volume={78},
  pages={873--883},
  year={2016},
  publisher={Elsevier}
}
@article{azizipanah2014short,
  title={Short-term scheduling of thermal power systems using hybrid gradient based modified teaching--learning optimizer with black hole algorithm},
  author={Azizipanah-Abarghooee, Rasoul and Niknam, Taher and Bavafa, Farhad and Zare, Mohsen},
  journal={Electric Power Systems Research},
  volume={108},
  pages={16--34},
  year={2014},
  publisher={Elsevier}
}
@inproceedings{mulyawan2013thermal,
  title={Thermal unit commitment solution using genetic algorithm combined with the principle of tabu search and priority list method},
  author={Mulyawan, Arief Budi and Setiawan, Apri and Sudiarso, Andi and others},
  booktitle={Information Technology and Electrical Engineering (ICITEE), 2013 International Conference on},
  pages={414--419},
  year={2013},
  organization={IEEE}
}
%Estudado
@article{yang2015projected,
  title={Projected mixed integer programming formulations for unit commitment problem},
  author={Yang, Linfeng and Jian, Jinbao and Wang, Yuanyuan and Dong, Zhaoyang},
  journal={International Journal of Electrical Power \& Energy Systems},
  volume={68},
  pages={195--202},
  year={2015},
  publisher={Elsevier}
}

@article{vallada2008minimising,
  title={Minimising total tardiness in the m-machine flowshop problem: A review and evaluation of heuristics and metaheuristics},
  author={Vallada, Eva and Ruiz, Rub{\'e}n and Minella, Gerardo},
  journal={Computers \& Operations Research},
  volume={35},
  number={4},
  pages={1350--1373},
  year={2008},
  publisher={Elsevier},
  key={Vallada et al, 2008}
}